
@book{ireland_creating_1981,
	address = {Westport, Conn},
	title = {Creating the {Entangling} {Alliance}: {The} {Origins} of the {North} {Atlantic} {Treaty} {Organization}},
	isbn = {978-0-313-22094-4},
	shorttitle = {Creating the {Entangling} {Alliance}},
	language = {English},
	publisher = {Praeger},
	author = {Ireland, Timothy P.},
	month = feb,
	year = {1981}
}

@article{friedman_methodology_1953,
	title = {The methodology of positive economics},
	url = {https://www.researchgate.net/profile/Tony_Lawson2/publication/227390811_What_Has_Realism_Got_To_Do_With_It/links/02e7e52fa60c0732f8000000.pdf#page=154},
	urldate = {2016-03-26},
	author = {Friedman, Milton},
	year = {1953},
	file = {friedman-1966.pdf:/Users/dmasad/Library/Application Support/Zotero/Profiles/9ibei20q.default/zotero/storage/FZ827TSX/friedman-1966.pdf:application/pdf}
}

@article{pingle_looking_2010,
	title = {Looking under the hood: {Exploring} assumptions and finding behavioral economics},
	volume = {73},
	issn = {01672681},
	shorttitle = {Looking under the hood},
	url = {http://linkinghub.elsevier.com/retrieve/pii/S0167268109002716},
	doi = {10.1016/j.jebo.2008.10.018},
	language = {en},
	number = {1},
	urldate = {2016-03-26},
	journal = {Journal of Economic Behavior \& Organization},
	author = {Pingle, Mark},
	month = jan,
	year = {2010},
	pages = {73--76},
	file = {Pingle-Assumptions and Behavioral Economics.pdf:/Users/dmasad/Library/Application Support/Zotero/Profiles/9ibei20q.default/zotero/storage/8426BIAN/Pingle-Assumptions and Behavioral Economics.pdf:application/pdf}
}

@article{weidmann_predicting_2010,
	title = {Predicting conflict in space and time},
	volume = {54},
	url = {http://jcr.sagepub.com/content/54/6/883.short},
	number = {6},
	urldate = {2016-03-26},
	journal = {Journal of Conflict Resolution},
	author = {Weidmann, Nils B. and Ward, Michael D.},
	year = {2010},
	pages = {883--901},
	file = {Snapshot:/Users/dmasad/Library/Application Support/Zotero/Profiles/9ibei20q.default/zotero/storage/BWIHDBDS/883.html:text/html}
}

@misc{nato_north_????,
	title = {The {North} {Atlantic} {Treaty}},
	url = {http://www.nato.int/cps/en/natohq/official_texts_17120.htm},
	urldate = {2016-04-03},
	journal = {NATO},
	author = {NATO},
	file = {Snapshot:/Users/dmasad/Library/Application Support/Zotero/Profiles/9ibei20q.default/zotero/storage/XS8VS9WR/official_texts_17120.html:text/html}
}